@article{Goldsmith1987,
    author    = {Jeffrey Goldsmith and John Salmon},
    title     = {Automatic Creation of Object Hierarchies for Ray Tracing},
    journal   = {IEEE Computer Graphics and Applications},
    year      = {1987},
    volume    = {7},
    number    = {5},
    pages     = {14--20}
}

@techreport{Omohundrol1989,
    author = {Stephen M. Omohundrol and Stephen M. Omohundro},
    title = {Five Balltree Construction Algorithms},
    year = {1989}
}

@article{Bergen1998,
    author = {Gino van den Bergen},
    title = {Efficient Collision Detection of Complex Deformable Models using AABB Trees},
    journal = {J. Graphics Tools},
    year = {1998},
    volume = {2}
}

@book{Bergen2004,
    author = {Gino van den Bergen},
    title = {Collision Detection in Interactive 3D Environments},
    publisher = {Elsevier},
    year = 2004
}

@article{Larsson2006,
author = "Thomas Larsson and Tomas Akenine-Möller",
title = "A dynamic bounding volume hierarchy for generalized collision detection",
journal = "Computers & Graphics",
volume = "30",
number = "3",
pages = "450 - 459",
year = "2006"
}

@inproceedings{Otaduy2007, 
author={Miguel A. Otaduy and Oliver Chassot and Denis Steinemann and Markus Gross}, 
booktitle={2007 IEEE Virtual Reality Conference}, 
title={Balanced Hierarchies for Collision Detection between Fracturing Objects}, 
year={2007},
pages={83-90}
}

@article{Kensler2008,
  title={Tree rotations for improving bounding volume hierarchies},
  author={Andrew Kensler},
  journal={2008 IEEE Symposium on Interactive Ray Tracing},
  year={2008},
  pages={73-76}
}

@inproceedings{Kopta2012,
 author = {Daniel Kopta and Thiago Ize and Josef Spjut and Erik Brunvand and Al Davis and Andrew Kensler},
 title = {Fast, Effective BVH Updates for Animated Scenes},
 booktitle = {Proceedings of the ACM SIGGRAPH Symposium on Interactive 3D Graphics and Games},
 series = {I3D '12},
 year = {2012},
 pages = {197--204},
 numpages = {8},
}

@article{Bittner2013,
    author    = {Ji\v{r}\'{\i} Bittner and Michal Hapala and Vlastimil Havran},
    title     = {Fast Insertion-Based Optimization of Bounding Volume Hierarchies},
    journal   = {Computer Graphics Forum},
    year      = {2013},
    volume    = {32},
    number    = {1},
    pages     = {85--100}
}

@article{Bittner2015,
title = "Incremental BVH construction for ray tracing",
journal = "Computers & Graphics",
volume = "47",
pages = "135 - 144",
year = "2015",
author = "Jiří Bittner and Michal Hapala and Vlastimil Havran"
}

@misc{Presson2008,
    title = {Bullet Physics Dynamic Tree},
    author = {Nathaniel Presson},
    howpublished = {\url{http://bulletphysics.org}}
}
